<record><leader>00000cas a2200000 a 4500</leader><controlfield tag="001">22304998</controlfield><controlfield tag="008">900901d19491949inuwr ne      0    0eng c</controlfield><datafield ind1=" " ind2=" " tag="010"><subfield code="a">sn 90099352 </subfield></datafield><datafield ind1=" " ind2=" " tag="040"><subfield code="a">NPI</subfield><subfield code="b">eng</subfield><subfield code="c">NPI</subfield><subfield code="d">CUI</subfield><subfield code="d">OCLCQ</subfield><subfield code="d">OCLCF</subfield></datafield><datafield ind1=" " ind2=" " tag="042"><subfield code="a">pcc</subfield></datafield><datafield ind1=" " ind2=" " tag="043"><subfield code="a">n-us-in</subfield></datafield><datafield ind1=" " ind2="4" tag="050"><subfield code="a">AN</subfield></datafield><datafield ind1="0" ind2="4" tag="245"><subfield code="a">The Sunday Lafayette leader.</subfield></datafield><datafield ind1=" " ind2=" " tag="260"><subfield code="a">Lafayette, Ind. :</subfield><subfield code="b">Hostetter &amp; Cloyd,</subfield><subfield code="c">1949.</subfield></datafield><datafield ind1=" " ind2=" " tag="300"><subfield code="a">1 v.</subfield></datafield><datafield ind1=" " ind2=" " tag="310"><subfield code="a">Weekly</subfield></datafield><datafield ind1="0" ind2=" " tag="362"><subfield code="a">Vol. 77, no. 12 (Mar. 27, 1949)-v. 77, no. 30 (July 31, 1949).</subfield></datafield><datafield ind1=" " ind2="0" tag="651"><subfield code="a">Lafayette (Ind.)</subfield><subfield code="v">Newspapers.</subfield></datafield><datafield ind1=" " ind2="0" tag="651"><subfield code="a">Tippecanoe County (Ind.)</subfield><subfield code="v">Newspapers.</subfield></datafield><datafield ind1=" " ind2="7" tag="655"><subfield code="a">Newspapers.</subfield><subfield code="2">fast</subfield><subfield code="0">(OCoLC)fst01423814</subfield></datafield><datafield ind1=" " ind2="7" tag="651"><subfield code="a">Indiana</subfield><subfield code="z">Lafayette.</subfield><subfield code="2">fast</subfield><subfield code="0">(OCoLC)fst01204553</subfield></datafield><datafield ind1=" " ind2="7" tag="651"><subfield code="a">Indiana</subfield><subfield code="z">Tippecanoe County.</subfield><subfield code="2">fast</subfield><subfield code="0">(OCoLC)fst01213782</subfield></datafield><datafield ind1=" " ind2=" " tag="752"><subfield code="a">United States</subfield><subfield code="b">Indiana</subfield><subfield code="c">Tippecanoe</subfield><subfield code="d">Lafayette.</subfield></datafield><datafield ind1="0" ind2="0" tag="780"><subfield code="t">Lafayette leader (Lafayette, Ind. : 1935)</subfield><subfield code="w">(DLC)sn 86059232</subfield><subfield code="w">(OCoLC)12200199</subfield></datafield><datafield ind1="0" ind2="0" tag="785"><subfield code="t">Friday Lafayette leader</subfield><subfield code="w">(DLC)sn 87055478</subfield><subfield code="w">(OCoLC)15926011</subfield></datafield></record>